%%%%%%%%%%%%%%%%%%%%%%%%%Bibliography by C. Has%%%%%%%%%%%%%%%%%%%%%%%%%%

 @misc{Haussecker18,
 	author       = {D. Haussecker},
 	title        = {{RNAi} is the future of cardiovascular disease},
 	year         = {2018},
 	howpublished = {\url{http://rnaitherapeutics.blogspot.com/}},
  	note         = {The RNAi Blog, Accessed November 11, 2019}
  }


 @Misc{ich18,	
	author              = {},
	title               = {{ICH Multi-annual strategic plan}},
	year                = {2018},	
	howpublished        = {\url{https://goo.gl/AnR5hs}},	
	note                = {Accessed March 22, 2018}
 }


 @Misc{ncrb15,	
	author              = {{NCRB Report}},
	title               = {Accidental deaths \& suicides in {I}ndia {(ADSI)}},
	year                = {2015},	
	howpublished        = {\url{http://ncrb.gov.in/}},
	note                = {Accessed April 06, 2017},		
 }


 @Misc{suc19,	
 	author               = {},
 	title                = {{Table-sucrose solutions, composition, viscosity, 
 	                       density \@ 20 $^\circ${C}}},	
 	year                 = {},
	howpublished         = {\url{http://lclane.net/text/sucrose.html}},
	note                 = {Accessed January 30, 2018},	
 }












